@inproceedings{francillon2011relay,
  title         = {Relay Attacks on Passive Keyless Entry and Start Systems in Modern Cars.},
  author        = {Francillon, Aur{\'e}lien and Danev, Boris and Capkun, Srdjan and Capkun, Srdjan and Capkun, Srdjan},
  booktitle     = {NDSS},
  year          = {2011}
}

@inproceedings{shaked2005cracking,
  title         = {Cracking the bluetooth pin},
  author        = {Shaked, Yaniv and Wool, Avishai},
  booktitle     = {Proceedings of the 3rd international conference on Mobile systems, applications, and services},
  pages         = {39--50},
  year          = {2005},
  organization  = {ACM}
}

@article{schoch2008communication,
  title         = {Communication patterns in VANETs},
  author        = {Schoch, Elmar and Kargl, Frank and Weber, Michael and Leinmuller, Tim},
  journal       = {Communications Magazine, IEEE},
  volume        = {46},
  number        = {11},
  pages         = {119--125},
  year          = {2008},
  publisher     = {IEEE}
}

@article{wang2006survey,
  title={A survey of security issues in wireless sensor networks},
  author={Wang, Yong and Attebury, Garhan and Ramamurthy, Byrav},
  year={2006}
}
